%% This BibTeX bibliography file was created using BibDesk.
%% http://bibdesk.sourceforge.net/


%% Created for Craig Warren at 2011-11-30 12:17:20 +0000 


%% Saved with string encoding Unicode (UTF-8) 



@book{Munson:2002fk,
	Author = {Munson, B.R. and Young, D.F. and Okiishi, T.H.},
	Date-Added = {2010-09-06 10:31:21 +0100},
	Date-Modified = {2010-09-06 10:31:57 +0100},
	Publisher = {John Wiley and Sons},
	Title = {Fundamentals of fluid mechanics},
	Year = {2002}}

@book{Gilat:2008fk,
	Author = {Gilat, A.},
	Date-Added = {2010-08-31 16:46:38 +0100},
	Date-Modified = {2011-11-30 12:17:20 +0000},
	Edition = {3rd},
	Publisher = {John Wiley and Sons, Inc.},
	Title = {MATLAB: An Introduction With Applications},
	Year = {2008}}

@book{Moore:2009fk,
	Author = {Moore, H.},
	Date-Added = {2010-07-13 14:30:54 +0100},
	Date-Modified = {2010-07-13 14:31:09 +0100},
	Publisher = {Prentice Hall},
	Title = {MATLAB for Engineers},
	Year = {2009}}

@webpage{Patzer:2003fk,
	Author = {Patzer, J.F.},
	Date-Added = {2010-07-07 16:02:17 +0100},
	Date-Modified = {2010-07-07 16:03:42 +0100},
	Lastchecked = {2010},
	Note = {\url{http://www.pitt.edu/~patzer/index.htm} [Last accessed: July 2010]},
	Title = {Introduction to Engineering Computing},
	Url = {http://www.pitt.edu/~patzer/index.htm},
	Year = {2003},
	Bdsk-Url-1 = {http://www.paraview.org/paraviewindex.html}}

@book{Magrab:2005fk,
	Author = {Magrab, E.B. and Azarm, S. and Balachandran, B. and Duncan, J.H. and Herold, K.E. and Walsh, G.C.},
	Date-Added = {2010-06-01 13:15:20 +0100},
	Date-Modified = {2010-06-01 13:17:26 +0100},
	Edition = {2nd},
	Publisher = {Pearson Prentice Hall},
	Title = {An Engineer's guide to MATLAB: With applications from mechanical, aerospace, electrical, and civil engi},
	Year = {2005}}

@book{Pratap:2006fk,
	Author = {Pratap, R.},
	Date-Added = {2009-12-16 17:34:35 +0000},
	Date-Modified = {2009-12-16 17:35:00 +0000},
	Publisher = {Oxford University Press},
	Title = {{Getting Started with MATLAB 7 - A Quick Introduction for Scientists and Engineers}},
	Year = {2006}}
